@article{ji_li_liu_smith_et_al_2019,
    title={Ultrahigh-pressure isostructural electronic transitions in hydrogen},
    volume={573},
    number={7775},
    journal={Nature},
    publisher={Nature},
    author={Ji, Cheng and Li, Bing and Liu, Wenjun and Smith, Jesse S. and Majumdar, Arnab and Luo, Wei and Ahuja, Rajeev and Shu, Jinfu and Wang, Junyue and Sinogeikin, Stanislav and et al.},
    year={2019},
    pages={558–562}}
    
@article{Howie2012,
    title = {Mixed Molecular and Atomic Phase of Dense Hydrogen},
    author = {Ross T. Howie and Guillaume, Christophe L. and Scheler, Thomas and Goncharov, Alexander F. and Gregoryanz, Eugene},
    journal = {Physical Review Letters},
    volume = {108},
    issue = {12},
    pages = {125501},
    numpages = {5},
    year = {2012},
    % month = {3},
    publisher = {American Physical Society},
}

@article{goncharenko_loubeyre_2005, title={Neutron and X-ray diffraction study of the broken symmetry phase transition in solid deuterium}, volume={435},  number={7046}, journal={Nature}, publisher={Nature}, author={Goncharenko, Igor and Loubeyre, Paul}, year={2005}, pages={1206–1209}}

@article{knudson2015, title={Direct observation of an abrupt insulator-to-metal transition in dense liquid deuterium}, volume={348}, number={6242}, journal={Science}, publisher={Science}, author={Knudson, M. D. and Desjarlais, M. P. and Becker, A. and Lemke, R. W. and Cochrane, K. R. and Savage, M. E. and Bliss, D. E. and Mattsson, T. R. and Redmer, R.}, year={2015}, pages={1455–1460}}

@inbook{ginzburg2001, title={What Problems of Physics and Astrophysics Seem Now to Be Especially Important and Interesting (Thirty Years Later, Already on the Verge of the 21st Century)?}, author={Ginzburg, Vitaly L.}, year={2001}, pages={149–197}}

@article{eremets2011, title={Conductive dense hydrogen}, volume={10}, number={12}, journal={Nature Materials}, publisher={Nature Materials}, author={Eremets, M. I. and Troyan, I. A.}, year={2011}, pages={927–931}}

@article{goncharov2017comment, title={Comment on “Observation of the Wigner-Huntington transition to metallic hydrogen”}, volume={357}, number={6353}, journal={Science}, publisher={Science}, author={Goncharov, Alexander F. and Struzhkin, Viktor V.}, year={2017}, pages={eaam9736}}

@article{liu2017comment, title={Comment on “Observation of the Wigner-Huntington transition to metallic hydrogen”}, volume={357}, number={6353}, journal={Science}, publisher={Science}, author={Liu, Xiao-Di and Dalladay-Simpson, Philip and Howie, Ross T. and Li, Bing and Gregoryanz, Eugene}, year={2017}, pages={eaan2286}}

@misc{eremets2017comments,
    title={Comments on the claimed observation of the Wigner-Huntington Transition to Metallic Hydrogen}, 
    author={M. I. Eremets and A. P. Drozdov},
    year={2017},
    eprint={1702.05125},
    archivePrefix={arXiv},
    primaryClass={cond-mat.mtrl-sci}
}

@misc{loubeyre2017comment,
    title={Comment on: Observation of the Wigner-Huntington transition to metallic hydrogen},
    author={Paul Loubeyre and Florent Occelli and Paul Dumas},
    year={2017},
    eprint={1702.07192},
    archivePrefix={arXiv},
    primaryClass={cond-mat.other}
}

@article{Wigner1935,
    author = {Wigner, Eugene  and Huntington,Hillard B. },
    title = {On the Possibility of a Metallic Modification of Hydrogen},
    journal = {The Journal of Chemical Physics},
    volume = {3},
    number = {12},
    pages = {764-770},
    year = {1935},
    % URL = { https://doi.org/10.1063/1.1749590},
    % eprint = {https://doi.org/10.1063/1.1749590}}
}

@incollection{Wolverson2008,
    title = {8 - Raman spectroscopy},
    editor = "Carlo Lamberti",
    booktitle = "Characterization of Semiconductor Heterostructures and Nanostructures",
    publisher = "Elsevier",
    % address = "Amsterdam",
    pages = "249 - 288",
    year = "2008",
    % url = "http://www.sciencedirect.com/science/article/pii/B9780444530998000087",
    author = {Daniel Wolverson}}

@article{dias_silvera_2017,
    title={Observation of the Wigner-Huntington transition to metallic hydrogen},
    volume={355},
    % url={https://dx.doi.org/10.1126/science.aal1579},
    number={6326},
    journal={Science},
    publisher={Science},
    author={Dias, Ranga P. and Silvera, Isaac F.},
    year={2017},
    pages={715–718}}

@article{novoselov2014,
    title={Monte Carlo modeling of metallic hydrogen: the phase transition and the equation of state},
    volume={69},
    number={1},
    journal={Moscow University Physics Bulletin},
    publisher={Moscow University Physics Bulletin},
    author={Novoselov, A. A. and Pavlovsky, O. V. and Ulybyshev, M. V.},
    year={2014},
    pages={29–36}}
    
@article{mao1979, title={Observations of Hydrogen at Room Temperature (25 C) and High Pressure (to 500 Kilobars)}, volume={203}, number={4384}, journal={Science}, publisher={Science}, author={H. K. Mao and P.M. Bell}, year={1979}, pages={1004–1006}}

@article{hemley1988, title={Phase Transition in Solid Molecular Hydrogen at Ultrahigh Pressures}, volume={61}, number={7}, journal={Physical Review Letters}, publisher={Physical Review Letters}, author={R.J. Hemley and H.K. Mao}, year={1988}, pages={857–860}}

@article{mao1994, title={Ultrahigh-pressure transitions in solid hydrogen}, volume={66}, journal={Reviews of Modern Physics}, publisher={Reviews of Modern Physics}, author={H. K. Mao and R.J. Hemley}, year={1994}, pages={671–692}}
    
@article{loubeyre2020,
    title={Synchrotron infrared spectroscopic evidence of the probable transition to metal hydrogen},
    volume={577},
    number={7792},
    journal={Nature},
    publisher={Nature},
    author={Loubeyre, Paul and Occelli, Florent and Dumas, Paul},
    year={2020},
    pages={631–635}}
    
@article{dalladay2016,
    title={Evidence for a new phase of dense hydrogen above 325 gigapascals},
    volume={529},
    number={7584},
    journal={Nature},
    publisher={Nature},
    author={Dalladay-Simpson,
    Philip and Howie, Ross T. and Gregoryanz, Eugene},
    year={2016},
    pages={63–67}}

@article{gregoryanz2020,
    title={Everything you always wanted to know about metallic hydrogen but were afraid to ask},
    volume={5},
    number={3},
    journal={Matter and Radiation at Extremes},
    publisher={Matter and Radiation at Extremes},
    author={Gregoryanz, Eugene and Ji, Cheng and Dalladay-Simpson, Philip and Li, Bing and Howie, Ross T. and Mao, Ho-Kwang},
    year={2020},
    pages={038101}}
    
@online{Javier2014, year={2014}, title={An Introduction to Raman Spectroscopy: Introduction and Basic Principles}, Note={Analytical Science. Retrieved from: \href{https://analyticalscience.wiley.com/do/10.1002/sepspec.1882education/full/}{https://analyticalscience.wiley.com/do/10.1002/sepspec.1882education/full/} (Accessed 7.2.21}}


@online{Dutrow2020,
    author={Barbara L Dutrow,Christine M. Clark},
    year={2020},
    title={X-ray Powder Diffraction},
    note={Carleton College. Retrieved from \url{https://serc.carleton.edu/18400}. (Accessed 7.2.21)}}
    
@online{Nave2017XRD,
    author={Robert R Nave},
    title={Bragg's Law},
    year={2017},
    note={HyperPhysics. Retrieved from \url{http://hyperphysics.phy-astr.gsu.edu/hbase/quantum/bragg.html\#c2}. {Accessed 7.2.21}}}

@online{Nave2017Raman,
    author={Robert R Nave},
    title={Raman Scattering},
    year={2017},
    note={HyperPhysics. Retrieved from \url{http://hyperphysics.phy-astr.gsu.edu/hbase/atmos/raman.html}. {Accessed 7.2.21}}}

    
    
@book{Gross2013,
    author    = "Eberhard K.U. Gross and Reiner M. Dreizler",
    title     = "Density Functional Theory"},
    publisher = "Springer Science & Business Media",
    year      = {2013},
    volume ={337}}

@article{Bagayoko2014,
    author = {Bagayoko, Diola },
    title = {Understanding density functional theory (DFT) and completing it in practice},
    journal = {AIP Advances},
    volume = {4},
    number = {12},
    pages = {127104},
    year = {2014},
    %URL = {https://doi.org/10.1063/1.4903408 },
}

@article{Lee2010,
    title = {Higher-accuracy van der Waals density functional},
    author = {Lee, Kyuho and Murray, \'Eamonn D. and Kong, Lingzhu and Lundqvist, Bengt I. and Langreth, David C.},
    journal = {Phys. Rev. B},
    volume = {82},
    issue = {8},
    pages = {081101},
    numpages = {4},
    year = {2010},
    month = {8},
    publisher = {American Physical Society}
    %url = {https://link.aps.org/doi/10.1103/PhysRevB.82.081101}
}


@article{Dion2004,
    title = {Van der Waals Density Functional for General Geometries},
    author = {Dion, M. and Rydberg, H. and Schr\"oder, E. and Langreth, D. C. and Lundqvist, B. I.},
    journal = {Phys. Rev. Lett.},
    volume = {92},
    issue = {24},
    pages = {246401},
    numpages = {4},
    year = {2004},
    month = {6},
    publisher = {American Physical Society}
    %url = {https://link.aps.org/doi/10.1103/PhysRevLett.92.246401}
}

@article{Markland2018,
    title = {Nuclear quantum effects enter the mainstream},
    author = {T. Markland, M. Ceriotti},
    journal = {Nat. Rev. Chem.},
    volume = {2},
    issue = {3},
    pages = {0109},
    year = {2018},
    %url = {https://www.nature.com/articles/s41570-017-0109}
}


@article{Berland2015,
	%url = {https://doi.org/10.1088/0034-4885/78/6/066501},
	year = 2015,
	month = {5},
	publisher = {{IOP} Publishing},
	volume = {78},
	number = {6},
	pages = {066501},
	author = {Kristian Berland and Valentino R Cooper and Kyuho Lee and Elsebeth Schröder and T Thonhauser and Per Hyldgaard and Bengt I Lundqvist},
	title = {van der Waals forces in density functional theory: a review of the {vdW}-{DF} method},
	journal = {Reports on Progress in Physics}
	}
	
@article{Morales2013,
	%url = {https://doi.org/10.1103/PhysRevB.87.184107},
	year = 2013,
	month = {5},
	publisher = {American Physical Society},
	volume = {87},
	number = {18},
	pages = {184107},
	author = {Miguel A. Morales and Jeffrey M. McMahon and Carlo Pierleoni and David M. Ceperley},
	title = {Towards a predictive first-principles description of solid molecular hydrogen with density functional theory.},
	journal = {Phys. Rev. B.}
	}
	
@article{hemley1989, title={Optical Studies of Hydrogen Above 200 Gigapascals: Evidence for Metallization by Band Overlap}, volume={244}, number={4911}, journal={Science}, publisher={Science}, author={H. K. Mao and R. J. Hemley}, year={1989}, pages={1462–1465}}
	
@article{Polturak2003,
    title = {Inside a Quantum Solid},
    author = {E. Polturak, N. Gov},
    journal = {Contemporary Physics},
    volume = {44},
    issue = {2},
    pages = {145-151},
    year = {2003},
    %url = {http://www.tandf.co.uk/journals}
}

@online{Brighthub, title={The Difference between Raman and Infra-red Spectroscopy}, author={Brighthub Engineering}, year={2010}, note={Retrieved from \url{https://www.brighthubengineering.com/manufacturing-technology/89050-infrared-and-raman-spectroscopy-what-is-the-difference/\#raman-and-infrared-ir-spectroscopy-in-a-few-words} (Accessed 7.2.21)}}

@article{Monserrat2016,
	%url = {10.1103/physrevb.94.134101},
	year = 2016,
	month = {9},
	volume = {94},
	author = {B. Monserrat and R. J. Needs and E. Gregoryanz and C. J. Pickard},
	title = {Hexagonal structure of phase III of solid hydrogen},
	journal = {Phys. Rev. B.}}
	
@article{Aryasetiawan1998,
	%url = {https://doi.org/10.1088/0034-4885/61/3/002},
	year = 1998,
	month = {3},
	publisher = {{IOP} Publishing},
	volume = {61},
	number = {3},
	pages = {237--312},
	author = {F Aryasetiawan and O Gunnarsson},
	title = {{TheGWmethod}},
	journal = {Reports on Progress in Physics}
	}
    
@article{ashcroft1968metallic,
    title={Metallic hydrogen: A high-temperature superconductor?},
    author={Ashcroft, Neil W},
    journal={Physical Review Letters},
    volume={21},
    number={26},
    pages={1748},
    year={1968},
    publisher={APS}
    }
    
@article{babaev2004superconductor,
    title={A superconductor to superfluid phase transition in liquid metallic               hydrogen},
    author={Babaev, Egor and Sudb{\o}, Asle and Ashcroft, NW},
    journal={Nature},
    volume={431},
    number={7009},
    pages={666--668},
    year={2004},
    publisher={Nature Publishing Group}
    }

@article{azadi2014dissociation,
    title={Dissociation of high-pressure solid molecular hydrogen: A quantum Monte     Carlo and anharmonic vibrational study},
    author={Azadi, Sam and Monserrat, Bartomeu and Foulkes, WMC and Needs,     RJ},
    journal={Physical review letters},
    volume={112},
    number={16},
    pages={165501},
    year={2014},
    publisher={APS}
    }

@article{brovman1972properties,
    title={Properties of metallic hydrogen under pressure},
    author={Brovman, EG and Kagan, Yu and Kholas, A},
    journal={Sov. Phys. JETP},
    volume={35},
    pages={783},
    year={1972}
    }

@article{LoubeyreTDAC,
    title={Toroidal diamond anvil cell for detailed measurements under extreme static pressure},
    author={A. Dewaele, P. Loubeyre, F. Occelli},
    journal={Nature Community},
    volume={9},
    number={2913},
    year={2018}
    }

@article{Dogan2020,
author = {Dogan, Mehmet and Oh, Sehoon and Cohen, Marvin},
year = {2020},
month = {06},
pages = {},
title = {Observed Metallization of Hydrogen Interpreted as a Band Structure Effect}
}

@misc{tobias2012, author={Tobias1984}, title={File:Diamond Anvil Cell - Cross Section.svg}, year={2012}, note={Retrieved from \href{https://commons.wikimedia.org/wiki/File:Diamond\_Anvil\_Cell\_-\_Cross\_Section.svg}{Wikimedia Commons} under  \href{https://creativecommons.org/licenses/by-sa/3.0/legalcode}{Creative Commons Attribution-ShareAlike 3.0 Unported license}. (Accessed 28/2/21)}}

@online{Burnley2018, author={Pamela Burnley}, title={The Diamond Anvil Cell (DAC)}, year={2018}, note={Carleton College. Retrieved from \url{https://serc.carleton.edu/57663}. (Accessed 7.2.21)}}

@article{li_ji_yang_2018, title={Diamond anvil cell behavior up to 4 Mbar}, volume={115}, number={8}, journal={Proceedings of the National Academy of Sciences}, publisher={Proceedings of the National Academy of Sciences}, author={Li, Bing and Ji, Cheng and Yang, Wenge and Wang, Junyue and Yang, Ke and Xu, Ruqing and Liu, Wenjun and Cai, Zhonghou and Chen, Jiuhua and Mao, Ho-Kwang and et al.}, year={2018}, pages={1713–1717}}

@article{weir1996, title={Metallization of Fluid Molecular Hydrogen at 140 GPa (1.4 Mbar)}, volume={76}, number={11}, journal={Physical Review Letters}, publisher={Physical Review Letters}, author={Weir, S. T. and Mitchell, A. C. and Nellis, W. J.}, year={1996}, pages={1860–1863}}

@article{dewaele2018toroidal,
  title={Toroidal diamond anvil cell for detailed measurements under extreme static pressures},
  author={Dewaele, Agn{\`e}s and Loubeyre, Paul and Occelli, Florent and Marie, Olivier and Mezouar, Mohamed},
  journal={Nature communications},
  volume={9},
  number={1},
  pages={1--9},
  year={2018},
  publisher={Nature Publishing Group}
}

@article{dias2017observation,
  title={Observation of the Wigner-Huntington transition to metallic hydrogen},
  author={Dias, Ranga P and Silvera, Isaac F},
  journal={Science},
  volume={355},
  number={6326},
  pages={715--718},
  year={2017},
  publisher={American Association for the Advancement of Science}
}

@inproceedings{silvera2010metallic,
  title={Metallic hydrogen: The most powerful rocket fuel yet to exist},
  author={Silvera, Isaac F and Cole, John W},
  booktitle={Journal of Physics: Conference Series},
  volume={215},
  number={1},
  pages={012194},
  year={2010},
  organization={IOP Publishing}
}

@article{ackland2017stability,
  title={Stability of Metallic Hydrogen at Ambient Conditions},
  author={Ackland, Graeme J},
  journal={arXiv preprint arXiv:1709.05300},
  year={2017}
}

@article{klug2011metallization,
  title={Metallization of solid hydrogen: the challenge and possible solutions},
  author={Klug, Dennis D and Yao, Yansun},
  journal={Physical Chemistry Chemical Physics},
  volume={13},
  number={38},
  pages={16999--17006},
  year={2011},
  publisher={Royal Society of Chemistry}
}

@Inbook{Solyom2009,
author="S{\'o}lyom, Jen{\H{o}}",
editor="S{\'o}lyom, Jen{\H{o}}",
title="superconductivity",
bookTitle="Fundamentals of the Physics of Solids: Volume 2: Electronic Properties",
year="2009",
publisher="Springer Berlin Heidelberg",
address="Berlin, Heidelberg",
pages="449--515"
}


